<record><leader>00000cas a2200000 a 4500</leader><controlfield tag="001">29180740</controlfield><controlfield tag="008">931022d19uu1965iluwr ne      0   a0eng c</controlfield><datafield ind1=" " ind2=" " tag="010"><subfield code="a">sn 93057179 </subfield></datafield><datafield ind1=" " ind2=" " tag="040"><subfield code="a">NVF</subfield><subfield code="b">eng</subfield><subfield code="c">NVF</subfield><subfield code="d">CVF</subfield><subfield code="d">OCLCQ</subfield><subfield code="d">OCLCF</subfield><subfield code="d">NVF</subfield><subfield code="d">OCLCO</subfield></datafield><datafield ind1=" " ind2=" " tag="042"><subfield code="a">pcc</subfield></datafield><datafield ind1=" " ind2=" " tag="043"><subfield code="a">n-us-il</subfield></datafield><datafield ind1="0" ind2="0" tag="245"><subfield code="a">Harlem-Foster times and Harwood Heights times.</subfield></datafield><datafield ind1="1" ind2=" " tag="246"><subfield code="i">Published as:</subfield><subfield code="a">Harlem-Foster times</subfield><subfield code="f">July 15, 1964-Feb. 24, 1965</subfield></datafield><datafield ind1="1" ind2="0" tag="246"><subfield code="a">Harwood Heights times</subfield></datafield><datafield ind1="3" ind2=" " tag="246"><subfield code="a">Harlem Foster times and Harwood Heights times</subfield></datafield><datafield ind1="3" ind2=" " tag="246"><subfield code="a">Harlem Foster times</subfield></datafield><datafield ind1=" " ind2=" " tag="260"><subfield code="a">Chicago, Ill. :</subfield><subfield code="b">W.L. Johnson Pub. Co.</subfield></datafield><datafield ind1=" " ind2=" " tag="300"><subfield code="a">v.</subfield></datafield><datafield ind1=" " ind2=" " tag="310"><subfield code="a">Weekly</subfield></datafield><datafield ind1="0" ind2=" " tag="362"><subfield code="a">-v. 14, no. 5 (Jan. 2 [7], 1959) ; v. 9, no. 33 (Jan. 14, 1959)-v. 13, no. 5 (June 27, 1962) ; July 5, 1962-Feb. 24, 1965.</subfield></datafield><datafield ind1=" " ind2=" " tag="500"><subfield code="a">"Formerly Higgins-Oriole times" appears in masthead, &lt;Jan. 2 [7], 1959-July 8, 1964&gt;.</subfield></datafield><datafield ind1=" " ind2=" " tag="500"><subfield code="a">Issue for Jan. 7, 1959 misdated as: Jan. 2, 1959.</subfield></datafield><datafield ind1=" " ind2=" " tag="500"><subfield code="a">Also serving: Park Ridge, Nov. 25, 1964-Feb. 24, 1965.</subfield></datafield><datafield ind1=" " ind2=" " tag="515"><subfield code="a">Vol. numbering is irregular.</subfield></datafield><datafield ind1=" " ind2=" " tag="580"><subfield code="a">Split into: Harlem-Foster times (Chicago, Ill. : Suburban ed.) and: Harlem-Foster times (Chicago, Ill. : City ed.).</subfield></datafield><datafield ind1=" " ind2=" " tag="588"><subfield code="a">Description based on: Vol. 14, no. 5 (Jan. 2 [7], 1959).</subfield></datafield><datafield ind1=" " ind2="0" tag="650"><subfield code="a">Community newspapers</subfield><subfield code="z">Illinois</subfield><subfield code="z">Chicago.</subfield></datafield><datafield ind1=" " ind2="0" tag="651"><subfield code="a">Norridge (Ill.)</subfield><subfield code="v">Newspapers.</subfield></datafield><datafield ind1=" " ind2="0" tag="651"><subfield code="a">Forest Park (Ill.)</subfield><subfield code="v">Newspapers.</subfield></datafield><datafield ind1=" " ind2="0" tag="651"><subfield code="a">Norwood Park (Chicago, Ill.)</subfield><subfield code="v">Newspapers.</subfield></datafield><datafield ind1=" " ind2="0" tag="651"><subfield code="a">Harwood Heights (Ill.)</subfield><subfield code="v">Newspapers.</subfield></datafield><datafield ind1=" " ind2="0" tag="651"><subfield code="a">Park Ridge (Ill.)</subfield><subfield code="v">Newspapers.</subfield></datafield><datafield ind1=" " ind2="7" tag="651"><subfield code="a">Illinois</subfield><subfield code="z">Harwood Heights.</subfield><subfield code="2">fast</subfield><subfield code="0">(OCoLC)fst01226537</subfield></datafield><datafield ind1=" " ind2="7" tag="651"><subfield code="a">Illinois</subfield><subfield code="z">Park Ridge.</subfield><subfield code="2">fast</subfield><subfield code="0">(OCoLC)fst01232339</subfield></datafield><datafield ind1=" " ind2="7" tag="655"><subfield code="a">Newspapers.</subfield><subfield code="2">fast</subfield><subfield code="0">(OCoLC)fst01423814</subfield></datafield><datafield ind1=" " ind2=" " tag="752"><subfield code="a">United States</subfield><subfield code="b">Illinois</subfield><subfield code="c">Cook</subfield><subfield code="d">Chicago.</subfield></datafield><datafield ind1="0" ind2="0" tag="780"><subfield code="t">Higgins-Oriole times</subfield><subfield code="w">(DLC)sn 96070062</subfield><subfield code="w">(OCoLC)35369369</subfield></datafield><datafield ind1="1" ind2="6" tag="785"><subfield code="t">Harlem-Foster times (Chicago, Ill. : Suburban ed.)</subfield><subfield code="w">(DLC)sn 93057181</subfield><subfield code="w">(OCoLC)29180753</subfield></datafield><datafield ind1="1" ind2="6" tag="785"><subfield code="t">Harlem-Foster times (Chicago, Ill. : City ed.)</subfield><subfield code="w">(DLC)sn 93057180</subfield><subfield code="w">(OCoLC)29180768</subfield></datafield></record>